@article{sanso-2008,
	author = {Sanso, Bruno and Forest, Chris E. and Zantedeschi, Daniel},
	title = {{Inferring Climate System Properties Using a Computer Model}},
	journal = {{Bayesian Analysis}},
	volume = {{3}},
	pages = {1},
	year = {{2008}},
	doi = {{10.1214/08-BA301}},
	tags = "from-mort-2011-10"
}

@article{urban-2010,
	author = {URBAN, NATHAN M. and KELLER, KLAUS},
	title = {{Probabilistic hindcasts and projections of the coupled climate, carbon cycle and Atlantic meridional overturning circulation system: a Bayesian fusion of century-scale observations with a simple model}},
	journal = {{Tellus A}},
	pages = {no},
	year = {{2010}},
	doi = {{10.1111/j.1600-0870.2010.00471.x}},
	tags = "from-mort-2011-10"
}

@article{wang-2011,
	author = {Wang, Yunshi and Teter, Jacob and Sperling, Daniel},
	title = {{China’s soaring vehicle population: Even greater than forecasted?}},
	journal = {{Energy Policy}},
	volume = {{39}},
	number = {{6}},
	pages = {3296},
	year = {{2011}},
	doi = {{10.1016/j.enpol.2011.03.020}},
}

@techreport{anl-2006,
	address = {{Argonne, IL, USA}},
	institution = {{Argonne National Laboratory}},
	month = {{12}},
	note = {{Report ANL/ESD/06-6}},
	author = {Wang, M. and Huo, Hong and Johnson, L. and He, D.},
	title = {{Projection of Chinese Motor Vehicle Growth, Oil Demand and CO₂ Emissions Through 2050}},
	year = {{2006}},
	tags = "from-vjk-2011-09, need-details"
}

@article{anl-2008,
	author = {ANL},
	title = {{ANL 2008}},
	year = {{2010}},
	tags = "from-vjk-2011-09, need-details"
}

@article{goodwin-2004,
	author = {GOODWIN, PHIL and DARGAY, JOYCE and HANLY, MARK},
	title = {{Elasticities of Road Traffic and Fuel Consumption with Respect to Price and Income: A Review}},
	journal = {{Transport Reviews}},
	volume = {{24}},
	number = {{3}},
	pages = {275},
	year = {{2004}},
	doi = {{10.1080/0144164042000181725}},
	tags = "from-vjk-2011-09"
}

@article{meyer-2007,
	author = {Meyer, I. and Leimbach, M. and Jaeger, C.C.},
	title = {{International passenger transport and climate change: A sector analysis in car demand and associated emissions from 2000 to 2050}},
	journal = {{Energy Policy}},
	volume = {{35}},
	number = {{12}},
	pages = {6332-6345},
	year = {{2007}},
	doi = {{10.1016/j.enpol.2007.07.025}},
	tags = "from-vjk-2011-09"
}

@article{ou-2010,
	author = {Ou, Xunmin and Zhang, Xiliang and Chang, Shiyan},
	title = {{Scenario analysis on alternative fuel/vehicle for China’s future road transport: Life-cycle energy demand and GHG emissions}},
	journal = {{Energy Policy}},
	volume = {{38}},
	number = {{8}},
	pages = {3943},
	year = {{2010}},
	doi = {{10.1016/j.enpol.2010.03.018}},
	tags = "from-vjk-2011-09"
}

@article{schafer-2006a,
	author = {Andreas Schafer},
	title = {{Long-term tends in global passenger mobility}},
	journal = {{The Bridge}},
	volume = {{36}},
	number = {{4}},
	year = {{2006}},
	tags = "from-vjk-2011-09, need-details, need-doi"
}

@article{weinert-2008,
	author = {Weinert, Jonathan and Ogden, Joan and Sperling, Dan and Burke, Andrew},
	title = {{The future of electric two-wheelers and electric vehicles in China}},
	journal = {{Energy Policy}},
	volume = {{36}},
	number = {{7}},
	pages = {2544},
	year = {{2008}},
	doi = {{10.1016/j.enpol.2008.03.008}},
	tags = "from-vjk-2011-09"
}

@techreport{zhou-2011,
	institution = {{Lawrence Berkeley National Laboratory}},
	month = {{4}},
	note = {{Report LBNL-4472E}},
	author = {Zhou, Nan and Fridely, David and McNeil, Michael and Zheng, Nina and Ke, Jing and Levine, Mark},
	title = {{China's Energy and Carbon Emissions Outlook to 2050}},
	year = {{2011}},
	tags = "from-vjk-2011-09, need-details, need-doi"
}

@book{schafer-2009,
	publisher = {{MIT Press}},
	author = {Schäfer, Andreas and Heywood, John B. and Jacoby, Henry D. and Waitz, Ian A.},
	title = {{Transportation in a Climate-Constrained World}},
	year = {{2009}},
	tags = "no-file, need-details"
}

@techreport{paltsev-2005,
	address = {{Cambridge, MA}},
	institution = {{MIT Joint Program on the Science and Policy of Global Change}},
	type = {{Report 125}},
	url = {{http://globalchange.mit.edu/files/document/MITJPSPGC_Rpt125.pdf}},
	author = {Paltsev, Sergey and Reilly, John and Jacoby, Henry and Eckaus, R. and McFarland, J. and Sarofim, M. and Asadoorian, M. and Babiker, M.},
	title = {{The MIT Emissions Prediction and Policy Analysis (EPPA) Model: Version 4}},
	year = {{2005}},
}

@phdthesis{karplus-2011,
	address = {{Cambridge, USA}},
	month = {{2}},
	school = {{Massachusetts Institute of Technology}},
	author = {Valerie Jean Karplus},
	title = {{Climate and Energy Policy for U.S. Passenger Vehicles: A Technology-Rich Economic Modeling and Policy Analysis}},
	year = {{2011}},
	tags = "from-vjk-2011-09"
}

@book{hertel-2007,
	address = {{Cambridge, UK}},
	editor = {Thomas W. Hertel},
	publisher = {{Press Syndicate of the University of Cambridge}},
	author = {Thomas W. Hertel},
	title = {{Global Trade Analysis: Modeling and Applications}},
	year = {{1997}},
	tags = "no-file"
}

@techreport{gtap-2002,
	address = {{West Lafayette, Indiana, USA}},
	institution = {{Center for Global Trade Analysis, Purdue University}},
	author = {Betina V. Dimaranan and Robert A. McDougall},
	title = {{Global trade, assistance, and production: the GTAP 5 data base}},
	year = {{2002}},
	tags = "no-file"
}

@article{paltsev-2012,
	author = {Paltsev, Sergey and Morris, Jennifer and Cai, Yongxia and Karplus, Valerie and Jacoby, Henry},
	title = {{The Role of China in Mitigating Climate Change}},
	journal = {{Energy Economics (in print)}},
	year = {{2012}},
}

@article{dargay-2007,
	author = {Joyce Dargay and Dermot Gately and Martin Sommer},
	title = {{Vehicle ownership and income growth, worldwide: 1960-2030}},
	journal = {{The Energy Journal}},
	volume = {{28}},
	number = {{4}},
	pages = {143-170},
	year = {{2007}},
}

@article{huo-2011a,
	author = {Huo, Hong and Zhang, Qiang and He, Kebin and Yao, Zhiliang and Wang, Michael},
	title = {{Vehicle-use intensity in China: Current status and future trend}},
	journal = {{Energy Policy (in print)}},
	year = {{2011}},
	doi = {{10.1016/j.enpol.2011.09.019}},
}

@article{huo-2011b,
	author = {Huo, Hong and He, Kebin and Wang, Michael and Yao, Zhiliang},
	title = {{Vehicle technologies, fuel-economy policies, and fuel-consumption rates of Chinese vehicles}},
	journal = {{Energy Policy (in print)}},
	year = {{2011}},
	doi = {{10.1016/j.enpol.2011.09.064}},
}

@article{han-2008,
	author = {Han, Ji and Hayashi, Yoshitsugu},
	title = {{Assessment of private car stock and its environmental impacts in China from 2000 to 2020}},
	journal = {{Transportation Research Part D: Transport and Environment}},
	volume = {{13}},
	number = {{7}},
	pages = {471},
	year = {{2008}},
	doi = {{10.1016/j.trd.2008.09.007}},
}

@article{schafer-2000,
	author = {Schafer, A and Victor, D},
	title = {{The future mobility of the world population}},
	journal = {{Transportation Research Part A: Policy and Practice}},
	volume = {{34}},
	number = {{3}},
	pages = {171},
	year = {{2000}},
	doi = {{10.1016/S0965-8564(98)00071-8}},
}

@article{schafer-2006b,
	author = {Schafer, Andreas and Jacoby, Henry D.},
	title = {{Vehicle technology under CO2 constraint: a general equilibrium analysis}},
	journal = {{Energy Policy}},
	volume = {{34}},
	number = {{9}},
	pages = {975},
	year = {{2006}},
	doi = {{10.1016/j.enpol.2004.08.051}},
}

@misc{atkearney-2011,
	howpublished = {{Presentation slides}},
	month = {{5}},
	author = {{A.T. Kearney}},
	title = {{China Solutions}},
	year = {{2011}},
}

@misc{barclays-2011,
	howpublished = {{U.S. autos \& auto parts industry update, delivered 27 May 2011.}},
	month = {{5}},
	author = {{Barclays Capital}},
	title = {{BRIC exposure provides mid-term growth}},
	year = {{2011}},
}

@techreport{winchester-2011,
	address = {{Cambridge, MA, USA}},
	institution = {{MIT Joint Program on the Science and Policy of Global Change}},
	month = {{4}},
	type = {{Report 198}},
	author = {Winchester, N. and Wollersheim, C. and Clewlow, R. and Jost, N.C. and Paltsev, S. and Reilly, J. and Waitz, I.A.},
	title = {{The Impact of Climate Policy on U.S. Aviation}},
	year = {{2011}},
}

@inbook{rubenstein-2007-ch6,
	address = {{Hoboken, NJ, USA.}},
	chapter = {{6. Markov Chain Monte Carlo}},
	edition = {{2}},
	publisher = {{John Wiley \& Sons, Inc.}},
	author = {Rubenstein, R.Y. and Kroese, D.P.},
	title = {{Simulation and the Monte Carlo Method}},
	pages = {167-200},
	year = {{2007}},
}

@misc{irf-2010,
	author = {{International Road Federation}},
	title = {{World Road Statistics 2010 and electronic files}},
	year = {{2010}},
}

@misc{gmid-2011,
	author = {Euromonitor},
	title = {{Statistics retrieved October, 2011, from Euromonitor Global Market Information Database}},
	year = {{2011}},
}

@misc{iea-2010,
	note = {{Accessed October, 2011.}},
	author = {{International Energy Agency}},
	title = {{World Energy Balances 1970-2009}},
	year = {{2010}},
	doi = {{10.1787/data-00512-en}},
}

@misc{csy-2010,
	howpublished = {{Beijing, China}},
	author = {{China National Bureau of Statistics}},
	title = {{China Statistical Yearbook 2010}},
	year = {{2010}},
}

@article{hao-2011a,
	author = {Hao, Han and Wang, Hewu and Ouyang, Minggao},
	title = {{Comparison of policies on vehicle ownership and use between Beijing and Shanghai and their impacts on fuel consumption by passenger vehicles}},
	journal = {{Energy Policy}},
	volume = {{39}},
	number = {{2}},
	pages = {1016--1021},
	year = {{2011}},
	doi = {{10.1016/j.enpol.2010.11.039}},
}

@misc{ontario-2009,
	howpublished = {{Online: \url{http://www.e-laws.gov.on.ca/html/source/statutes/english/2009/elaws_src_s09012_e.htm}}},
	note = {{Accessed 19 March 2012.}},
	author = {{Province of Ontario}},
	title = {{Green Energy and Green Economy Act}},
	year = {{2009}},
	tags = "11.369"
}

@misc{ontario-2010,
	howpublished = {{Online: \url{http://www.energy.gov.on.ca/docs/en/MEI_LTEP_en.pdf}}},
	note = {{Accessed 19 March 2012.}},
	author = {{Ontario Ministry of Energy and Infrastructure}},
	title = {{Long Term Energy Plan}},
	year = {{2010}},
	tags = "11.369"
}

@techreport{joshi-2012,
	institution = {{Mowat Centre for Policy Innovation}},
	month = {{February}},
	note = {{Online: \url{http://mowatcentre.ca/research-topic-mowat.php?mowatResearchID=49}. Accessed 19 March 2012.}},
	author = {Robert Joshi},
	title = {{Energy Security for Ontario}},
	year = {{2012}},
	tags = "11.369"
}

@misc{samsung-2010,
	howpublished = {{Press release, online: \url{http://www.samsungcnt.com/EN/pr/board_view.asp?fidx=1805&fpart=eng}}},
	month = {{January}},
	note = {{Accessed 19 March 2012.}},
	author = {{Samsung C\&T Corporation}},
	title = {{Samsung C\&T to Build World's Largest Wind, Solar Panel Cluster In Ontario}},
	year = {{2010}},
	tags = "11.369"
}

@misc{cp-2010-10-07,
	howpublished = {{Online: \url{http://www.cbc.ca/news/canada/toronto/story/2010/10/07/oakville-plant.html}}},
	note = {{Accessed 19 March 2012}},
	author = {{Canadian Press}},
	title = {{``Oakville power plant plan cancelled,'' CBC News, 07 October 2010}},
	year = {{2010}},
	tags = "11.369"
}

@misc{cbc-2011-10-05,
	howpublished = {{Online: \url{http://www.cbc.ca/news/canada/sudbury/story/2011/10/05/tby-green-energy.html}}},
	note = {{Accessed 19 March 2012.}},
	author = {{Canadian Broadcasting Corporation}},
	title = {{``Political parties missing the mark on energy debate: Energy analyst says noise over hydro bills distracting from fundamental energy questions,'' CBC News, 05 October 2011}},
	year = {{2011}},
	tags = "11.369"
}

@misc{cbc-2010-07-08,
	howpublished = {{Online: \url{http://www.cbc.ca/news/canada/ottawa/story/2010/07/07/ottawa-solar-rate-drop.html}}},
	note = {{Accessed 19 March 2012}},
	author = {{Canadian Broadcasting Corporation}},
	title = {{``Ontario eyes lower solar incentives,'' CBC News, 08 July 2010}},
	year = {{2010}},
	tags = "11.369"
}

@misc{cp-2012-03-22,
	howpublished = {{Online: \url{http://www.cbc.ca/news/canada/toronto/story/2012/03/22/ontario-wind-solar-electricity-rates.html}}},
	note = {{Accessed 23 March 2012}},
	author = {{Canadian Press}},
	title = {{``Ontario to cut rates paid for wind, solar power,'' CBC News, 22 March 2012}},
	year = {{2012}},
	tags = "11.369"
}

@misc{cbc-2012-02-02,
	howpublished = {{Online: \url{http://www.cbc.ca/news/business/story/2012/02/02/max-paris-suncor.html}}},
	note = {{Accessed 19 March 2012}},
	author = {Max Paris},
	title = {{``Reverse Enbridge oil pipeline, urge Suncor, union,'' CBC News, 02 February 2012}},
	year = {{2012}},
	tags = "11.369"
}

@misc{usepa-2010,
	howpublished = {{Website: \url{http://binational.net/glwqa_2011_e.html}}},
	note = {{Accessed 19 March 2012}},
	author = {{U.S. EPA \& Environment Canada}},
	title = {{Amending the Great Lakes Water Quality Agreement: Background}},
	year = {{2010}},
	tags = "11.369"
}

@misc{hydro-one-2009,
	howpublished = {{Website: \url{http://www.hydroone.com/OurCompany/Pages/timeline.aspx}}},
	note = {{Accessed 19 March 2012}},
	author = {{Hydro One Inc.}},
	title = {{Historical Timeline}},
	year = {{2009}},
	tags = "11.369"
}

@techreport{davis-2012,
	address = {{Boston, MA}},
	institution = {{Frontier Group/U.S. PIRG Education Fund}},
	month = {{April}},
	note = {{\url{http://www.frontiergroup.org/reports/fg/transportation-and-new-generation}}},
	author = {Davis, Benjamin and Dutzik, Tony and Baxandall, Phineas},
	title = {{Transportation and the New Generation: Why young people are driving less and what it means for transportation policy}},
	year = {{2012}},
}

@article{loo-1999,
	author = {Loo, Becky P.Y.},
	title = {{Development of a regional transport infrastructure: some lessons from the Zhujiang Delta, Guangdong, China}},
	journal = {{Journal of Transport Geography}},
	volume = {{7}},
	number = {{1}},
	pages = {43--63},
	year = {{1999}},
	doi = {{10.1016/S0966-6923(98)00037-4}},
}

@article{chen-2010,
	author = {Chen, Xueming (Jimmy) and Zhang, Ming},
	title = {{High-Speed Rail Project Development Processes in the United States and China}},
	journal = {{Transportation Research Record}},
	volume = {{2159}},
	pages = {9--17},
	year = {{2010}},
	doi = {{10.3141/2159-02}},
}

@techreport{amos-2010,
	address = {{Beijing, China}},
	institution = {{The World Bank}},
	month = {{07}},
	note = {{\url{http://documents.worldbank.org/curated/en/2010/07/12582340/}}},
	type = {{Working Paper \#55856}},
	author = {Amos, Paul and Bullock, Dick and Sondhi, Jitendra},
	title = {{High-Speed Rail: The Fast Track to Economic Development?}},
	year = {{2010}},
}

@inproceedings{de-jong-2008,
	address = {{Rotterdam, Netherlands}},
	booktitle = {{First International Conference on Infrastructure Systems and Services}},
	organisation = {{IEEE}},
	author = {de Jong, Martin and Shanshan, Xu and Stead, Dominic},
	title = {{Applying public-private partnership to subway construction in China: What is the evidence?}},
	journal = {{Infras}},
	pages = {1--6},
	year = {{2008}},
	doi = {{10.1109/INFRA.2008.5439595}},
}

@article{wong-2002,
	author = {Wong, W.G. and Han, B.M. and Ferreira, L. and Zhu, X.N. and Sun, Q.X.},
	title = {{Evaluation of managementstrategies for the operation of high-speedrailways in China}},
	journal = {{Transportation Research Part A: Policy and Practice}},
	volume = {{36}},
	number = {{3}},
	pages = {277--289},
	year = {{2002}},
	doi = {{10.1016/S0965-8564(01)00003-9}},
}

@article{creutzig-2009,
	author = {Creutzig, Felix and He, Dongquan},
	title = {{Climate change mitigation and co-benefits of feasible transport demand policies in Beijing}},
	journal = {{Transportation Research Part D: Transport and Environment}},
	volume = {{14}},
	number = {{2}},
	pages = {120--131},
	year = {{2009}},
	doi = {{10.1016/j.trd.2008.11.007}},
}

@article{wang-2010,
	author = {Wang, Rui},
	title = {{Shaping urban transport policies in China: Will copying foreign policies work?}},
	journal = {{Transport Policy}},
	volume = {{17}},
	number = {{3}},
	pages = {147--152},
	year = {{2010}},
	doi = {{10.1016/j.tranpol.2010.01.001}},
}

@article{weinert-2007,
	author = {Weinert, Jonathan and Ma, Chaktan and Cherry, Christopher},
	title = {{The transition to electric bikes in China: history and key reasons for rapid growth}},
	journal = {{Transportation}},
	volume = {{34}},
	number = {{3}},
	pages = {301--318},
	year = {{2007}},
	doi = {{10.1007/s11116-007-9118-8}},
}

@inproceedings{leaver-2012,
	address = {{Kyoto, Japan}},
	booktitle = {{3rd IAEE Asian Conference}},
	organisation = {{International Association for Energy Economics}},
	author = {Leaver, Luke H.T. and Samuelson, Ralph and Leaver, Jonathan D.},
	title = {{Potential for low transport energy use in developing Asian cities through compact urban development}},
	year = {{2012}},
}

@inproceedings{dahl-2012,
	address = {{Kyoto, Japan}},
	booktitle = {{3rd IAEE Asian Conference}},
	organisation = {{International Association for Energy Economics}},
	author = {Dahl, Carol and Anouti, Yahya Faisal},
	title = {{Rationalizing Transport Fuels Pricing Policies and Effects on Global Fuel Consumption}},
	year = {{2012}},
}

@inproceedings{gonzalez-palencia-2012,
	address = {{Kyoto, Japan}},
	booktitle = {{3rd IAEE Asian Conference}},
	organisation = {{International Association for Energy Economics}},
	author = {González Palencia, Juan C. and Furubayashi, Takaaki and Nakata, Toshihiko},
	title = {{Low carbon road passenger transportation system design using combined energy and materials flows in Colombia}},
	year = {{2012}},
}

@conference{kishimoto-2012a,
	address = {{Kyoto, Japan}},
	howpublished = {{Proceedings, 3rd IAEE Asian Conference}},
	month = {{02}},
	author = {Kishimoto, Paul N. and Paltsev, Sergey and Karplus, Valerie J.},
	title = {{The future energy and GHG emissions impact of alternative personal transportation pathways in China}},
	year = {{2012}},
	tags = "own-work"
}

@unpublished{karplus-2012a,
	note = {{In press}},
	author = {Karplus, V. and Kishimoto, P.N. and Paltsev, S.},
	title = {{The global energy, CO2 emissions, and economic impact of vehicle fuel economy standards}},
	year = {{2012}},
}

@article{yan-2010,
	author = {Yan, Xiaoyu and Crookes, Roy J.},
	title = {{Energy demand and emissions from road transportation vehicles in China}},
	journal = {{Progress in Energy and Combustion Science}},
	volume = {{36}},
	pages = {651--676},
	year = {{2010}},
	doi = {{10.1016/j.pecs.2010.02.003}},
}

@article{cherry-2009,
	author = {Cherry, Christopher R. and Weinert, Jonathan X. and Yang, Xinmiao},
	title = {{Comparative environmental impacts of electric bikes in China}},
	journal = {{Transportation Research Part D: Transport and Environment}},
	volume = {{14}},
	pages = {281--290},
	year = {{2009}},
	doi = {{10.1016/j.trd.2008.11.003}},
}

@article{ou-2010b,
	author = {Ou, X and Zhang, X and Qin, Y and Qi T},
	title = {{Life cycle analysis of electric vehicle charged by advanced technologies coal-power in future China}},
	journal = {{Journal of China Coal Society}},
	volume = {{35}},
	number = {{1}},
	pages = {169--72},
	year = {{2010}},
}

@misc{csy-2011,
	howpublished = {{Beijing, China}},
	author = {{China National Bureau of Statistics}},
	title = {{China Statistical Yearbook 2011}},
	year = {{2011}},
}

@article{chester-2010,
	author = {Chester, Mikhail and Horvath, Arpad},
	title = {{Life-cycle assessment of high-speed rail: the case of California}},
	journal = {{Environmental Research Letters}},
	volume = {{5}},
	number = {{1}},
	pages = {014003},
	year = {{2010}},
	doi = {{10.1088/1748-9326/5/1/014003}},
}

@article{wang-sx-2010,
	author = {WANG, Shuxiao and ZHAO, Meng and XING, Jia and WU, Ye and ZHOU, Yu and LEI, Yu and HE, Kebin and FU, Lixin and HAO, Jiming},
	title = {{Quantifying the Air Pollutants Emission Reduction during the 2008 Olympic Games in Beijing}},
	journal = {{Environmental Science \& Technology}},
	volume = {{44}},
	number = {{7}},
	pages = {2490--2496},
	year = {{2010}},
	doi = {{10.1021/es9028167}},
}

@article{wu-2011,
	author = {WU, Ye and WANG, Renjie and ZHOU, Yu and LIN, Bohong and FU, Lixin and HE, Kebin and HAO, Jiming},
	title = {{On-Road Vehicle Emission Control in Beijing: Past, Present, and Future}},
	journal = {{Environmental Science \& Technology}},
	volume = {{45}},
	number = {{1}},
	pages = {147--153},
	year = {{2011}},
	doi = {{10.1021/es1014289}},
}

@article{shen-1997,
	author = {Shen, Qing},
	title = {{Urban Transportation in Shanghai, China: Problems and Planning Implications}},
	journal = {{International Journal of Urban and Regional Research}},
	volume = {{21}},
	number = {{4}},
	pages = {589--606},
	year = {{1997}},
	doi = {{10.1111/1468-2427.00103}},
}

@techreport{verma-2011,
	type = {{GTAP Working Paper No. 57}},
	author = {Verma, Monika},
	title = {{Predicting Within Country Household Food Expenditure Variation Using International Cross-Section Estimates}},
	year = {{2011}},
	tags = "need-details"
}

@inproceedings{yuan-2011,
	address = {{Rome, Italy}},
	booktitle = {{18th International Conference on Management Science \& Engineering}},
	organisation = {{IEEE}},
	author = {Yuan, Yuan and Lou, Sai},
	title = {{Research on Urban Rail Transit Financing Operation Modes}},
	pages = {1174--9},
	year = {{2011}},
}

@article{loo-2006,
	author = {Loo, Becky P.Y. and Li, Dennis Y.N.},
	title = {{Developing metro systems in the People’s Republic of China: Policy and gaps}},
	journal = {{Transportation}},
	volume = {{33}},
	pages = {115--32},
	year = {{2006}},
	doi = {{10.1007/s11116-005-3046-2}},
}

@article{yin-2011,
	author = {Yin, Jie and Yin, Zhane and Zhong, Haidong and Xu, Shiyuan and Hu, Xiaomeng and Wang, Jun and Wu, Jianping},
	title = {{Monitoring urban expansion and land use/land cover changes of Shanghai metropolitan area during the transitional economy (1979–2009) in China}},
	journal = {{Environmental Monitoring and Assessment}},
	volume = {{177}},
	pages = {609--621},
	year = {{2011}},
	doi = {{10.1007/s10661-010-1660-8}},
}

@article{wang-qd-2008,
	author = {Wang, Qidong and Huo, Hong and He, Kebin and Yao, Zhiliang and Zhang, Qiang},
	title = {{Characterization of vehicle driving patterns and development of driving cycles in Chinese cities}},
	journal = {{Transportation Research Part D}},
	volume = {{13}},
	pages = {289--97},
	year = {{2008}},
	doi = {{10.1016/j.trd.2008.03.003}},
}

@techreport{morris-2003,
	address = {{Novato, California}},
	institution = {{ENVIRON International Corporation}},
	month = {{May}},
	type = {{National Renewable Energy Laboratory report NREL/SR-540-33793}},
	author = {Morris, R.E. and Pollack, A.K. and Mansell, G.E. and Lindhjem, C. and Jia, Y. and Wilson, G.},
	title = {{Impact of Biodiesel Fuels on Air Quality and Human Health}},
	year = {{2003}},
}

@inproceedings{feng-2010,
	address = {{Beijing, China}},
	booktitle = {{The Sixth Advanced Forum on Transportation of China}},
	organisation = {{Beijing Jiaotong University (BJU), Systems Engineering Society of China (SESC)}},
	author = {Feng, Suwei and Ma, Zuqi},
	title = {{Performance Analysis on Private Vehicle Plate Auction in Shanghai}},
	pages = {6--12},
	year = {{2010}},
}

@techreport{ruet-2010,
	address = {{London, UK}},
	institution = {{World Energy Council}},
	type = {{Energy for Mega Cities Study}},
	author = {Ruet, Joël and Vallantin, Fanny and Daval, Antoine and Pasternak, Jean},
	title = {{Shanghai Municipality Case Study}},
	year = {{2009}},
}

@article{hu-xj-2010,
	author = {Hu, Xiaojun and Chang, Shiyan and Li, Jingjie and Qin, Yining},
	title = {{Energy for sustainable road transportation in China: Challenges, initiatives and policy implications}},
	journal = {{Energy}},
	pages = {4289--301},
	year = {{2010}},
	doi = {{10.1016/j.energy.2009.05.024}},
}

@techreport{anas-2009,
	address = {{Washington, DC, USA}},
	institution = {{Tne World Bank, Development Research Group, Environment and Energy Team}},
	type = {{Policy Research Working Paper 5068}},
	author = {Anas, Alex and Timilsina, Govinda R. and Zheng, Siqi},
	title = {{An Analysis of Various Policy Instruments to Reduce Congestion, Fuel Consumption and CO$_2$ Emissions in Beijing}},
	year = {{2009}},
}

@book{yusuf-nabeshima-2010,
	address = {{Washington, DC, USA}},
	publisher = {{The World Bank}},
	author = {Yusuf, Shahid and Nabeshima, Kaoru},
	title = {{Two Dragon Heads: Contrasting Development Paths for Beijing and Shanghai}},
	year = {{2010}},
	doi = {{10.1596/978-0-8213-8048-2}},
}

@techreport{peng-2004,
	address = {{Washington, DC, USA}},
	institution = {{Woodrow Wilson International Center for Scholars}},
	type = {{Comparative Urban Studies Program Report}},
	author = {Peng, Zhong-Ren},
	title = {{Urban Transportation Strategies in Chinese Cities and Their Impacts on the Urban Poor}},
	year = {{2004}},
}

@techreport{nam-2012,
	address = {{Cambridge, MA, USA}},
	institution = {{MIT Joint Program on the Science \& Policy of Global Change}},
	month = {{March}},
	type = {{Joint Program Report Series \#213}},
	author = {Nam, Kyung-Min and Reilly, John},
	title = {{City-Size Distribution as a Function of Socioeconomic Conditions: An Eclectic Approach to Downscaling Global Population}},
	year = {{2012}},
}

